

@article{astudillo2014arquitectura,
    title={Arquitectura de software},
    author={Astudillo, H.},
    year={2014},
    publisher={Departamento de Informática},
    note={[Diapositivas; PDF]},
    url={https://d1wqtxts1xzle7.cloudfront.net/22032057/sesion_01-libre.pdf}
}

@thesis{castro2023atencion,
    title={Atención a la diversidad de estilos de aprendizaje: experiencia en la docencia de arquitectura del software},
    author={Castro, L. M.},
    year={2023},
    url={https://rua.ua.es/dspace/handle/10045/137014}
}

@article{cechich2001especificacion,
    title={Una especificación precisa para patrones GoF},
    author={Cechich, A. and Moore, R.},
    year={2001},
    url={https://sedici.unlp.edu.ar/handle/10915/21723}
}

@online{control_chaos2024,
    title={Control Chaos | Transform Your Workflow with Scrum},
    author={Control Chaos},
    year={2024},
    month={august},
    day={21},
    url={http://www.controlchaos.com/ap.htm}
}

@article{cortez2012perfiles,
    title={Perfiles UML para la definición de patrones de diseño de comportamiento},
    author={Cortez, A. and Riesco, D. E. and Garis, A. G.},
    year={2012},
    url={https://sedici.unlp.edu.ar/handle/10915/18907}
}

@thesis{daza2013desarrollo,
    title={Desarrollo de una arquitectura de software para gestión de información no estructurada},
    author={Daza Díaz, D. C. and Florez Mendoza, A. M.},
    year={2013},
    school={Universidad Militar Nueva Granada, Facultad de Ingeniería},
    url={https://repository.unimilitar.edu.co/server/api/core/bitstreams/3e3e4447-7dbe-4639-8352-2f875fe79ecd/content}
}

@article{fernandez2006arquitectura,
    title={Arquitectura de software: Metodologías ágiles},
    author={Fernández, L. F.},
    journal={Software Guru},
    year={2006},
    volume={3},
    pages={2-4},
    url={https://ozarate.net/articulos/arquitectura_sw_sg_2006.pdf}
}

@article{gil2006uml,
    title={UML-based Scheme for Software Architecture Representations},
    author={Gil, S. V. H.},
    journal={Sistemas y Telemática},
    year={2006},
    volume={1},
    number={1},
    pages={63},
    doi={10.18046/syt.v1i1.918}
}

@online{navarro2024mejores,
    title={Mejores prácticas en la gestión de proyectos},
    author={Navarro, A.},
    year={2024},
    month={september},
    day={11},
    url={https://blog.innevo.com/gestion-de-proyectos}
}

@article{navarro2017integracion,
    title={Integración de arquitectura de software en el ciclo de vida de las metodologías ágiles},
    author={Navarro, M. E. and Moreno, M. P. and Aranda, J. and Parra, L. and Rueda, J. R. and Pantano, J. C.},
    year={2017},
    month={september},
    day={4},
    url={https://sedici.unlp.edu.ar/handle/10915/62077}
}

@book{romero2005arquitectura,
    title={Arquitectura de software, esquemas y servicios},
    author={Romero, P. Á.},
    year={2005},
    edition={21},
    publisher={Imprenta Cujae},
    url={https://dialnet.unirioja.es/servlet/articulo?codigo=4786655}
}
