@article{fernandez2023python,
  author = {Fernández, C. G.},
  title = {Python en IA: Aplicaciones prácticas y bibliotecas clave},
  year = {2023},
  month = {diciembre},
  journal = {Openwebinars.net},
  url = {https://openwebinars.net/blog/python-en-ia-aplicaciones-practicas-y-bibliotecas-clave/}
}

@article{claso2024sordas,
  title = {¿Las personas sordas son mudas?},
  year = {s/f},
  journal = {Claso.net},
  note = {Recuperado el 10 de octubre de 2024},
  url = {https://claso.net/blog/las-personas-sordas-son-mudas}
}

@article{paul2018discapacidad,
  author = {Paul, U.},
  title = {Las personas con discapacidad luchan contra la exclusión},
  year = {2018},
  month = {diciembre},
  day = {3},
  journal = {Noticias ONU},
  url = {https://news.un.org/es/story/2018/12/1446921}
}

@article{rivas2024normas,
  author = {Rivas, A.},
  title = {Normas APA con plantilla y generador 2024 - Séptima edición},
  year = {2024},
  month = {marzo},
  day = {6},
  journal = {Normas APA},
  url = {https://normasapa.in/}
}

@article{weisheim2022python,
  author = {Weisheim, R.},
  title = {Qué es Python: conoce uno de los lenguajes de programación más populares},
  year = {2022},
  month = {julio},
  day = {26},
  journal = {Tutoriales Hostinger},
  url = {https://www.hostinger.co/tutoriales/que-es-python}
}

@article{strategic2019ia,
  author = {Strategic Platform},
  title = {Cómo crear una inteligencia artificial con python en 4 pasos},
  year = {2019},
  month = {noviembre},
  day = {5},
  journal = {Strategicplatform.com},
  url = {https://strategicplatform.com/articulos/programar-inteligencia-artificial}
}

@article{communications2024python,
  author = {Communications},
  title = {Python y “machine learning”: cómo el lenguaje de programación de moda impulsa el desarrollo de la IA},
  year = {2024},
  month = {agosto},
  day = {19},
  journal = {BBVA},
  url = {https://www.bbva.com/es/innovacion/python-y-machine-learning-como-el-lenguaje-de-programacion-de-moda-impulsa-el-desarrollo-de-la-ia/}
}

@article{sulbaran2021manual,
  author = {Sulbaran, C.},
  title = {El Manual de Python},
  year = {2021},
  month = {junio},
  day = {29},
  journal = {freecodecamp.org},
  url = {https://www.freecodecamp.org/espanol/news/el-manual-de-python/}
}

@article{grapheverywhere2019machine,
  author = {GraphEverywhere, E.},
  title = {Machine Learning en Python - Conoce las ventajas de usar Python},
  year = {2019},
  month = {septiembre},
  day = {28},
  journal = {GraphEverywhere},
  publisher = {Graph Everywhere SL},
  url = {https://www.grapheverywhere.com/machine-learning-en-python/}
}

@article{gonzalez2022ml,
  author = {González, L.},
  title = {¿Por qué utilizar Python para Machine Learning?},
  year = {2022},
  month = {abril},
  day = {19},
  journal = {Aprende IA},
  url = {https://aprendeia.com/por-que-python-para-machine-learning/}
}

@article{blasco2023mltools,
  author = {Blasco, J. L.},
  title = {Herramientas y librerías de Machine Learning en Python},
  year = {2023},
  month = {abril},
  day = {18},
  journal = {Openwebinars.net},
  url = {https://openwebinars.net/blog/herramientas-y-librerias-de-machine-learning-en-python/}
}

@article{bugarin2024java,
  author = {Bugarin, J. L.},
  title = {¿Cómo hacer inteligencia artificial con Java?},
  year = {s/f},
  journal = {Consultorjava.com},
  note = {Recuperado el 11 de diciembre de 2024},
  url = {https://consultorjava.com/blog/como-hacer-inteligencia-artificial-con-java-jose-luis-bugarin/}
}

@article{karlerickson2024javaai,
  author = {KarlErickson},
  title = {Desarrollo de aplicaciones Java que usan servicios de Azure AI - Java on Azure},
  year = {s/f},
  journal = {Microsoft.com},
  note = {Recuperado el 11 de diciembre de 2024},
  url = {https://learn.microsoft.com/es-es/azure/developer/java/ai/azure-ai-for-java-developers}
}

@article{mintic2024app,
  title = {MinTIC lanza aplicación móvil para personas con discapacidad auditiva},
  year = {s/f},
  journal = {MINTIC Colombia},
  note = {Recuperado el 11 de diciembre de 2024},
  url = {https://www.mintic.gov.co/portal/inicio/Sala-de-prensa/Noticias/13849:MinTIC-lanza-aplicacion-movil-para-personas-con-discapacidad-auditiva}
}

@article{furios2016apps,
  author = {Furios, J.},
  title = {Las 6 mejores aplicaciones para personas mudas, sordas e invidentes},
  year = {2016},
  month = {agosto},
  day = {17},
  journal = {Blog Oficial de Phone House},
  publisher = {Phone House},
  url = {https://blog.phonehouse.es/2016/08/17/las-6-mejores-aplicaciones-para-personas-mudas-sordas-e-invidentes/}
}
